<record><leader>00000cas a22000007a 4500</leader><controlfield tag="001">8772940</controlfield><controlfield tag="008">820914d18791913couwr ne      0   a0eng  </controlfield><controlfield tag="009">466</controlfield><datafield ind1=" " ind2=" " tag="010"><subfield code="a">sn 82014228 </subfield></datafield><datafield ind1=" " ind2=" " tag="040"><subfield code="a">DLC</subfield><subfield code="b">eng</subfield><subfield code="c">DLC</subfield><subfield code="d">NPT</subfield><subfield code="d">DLC</subfield><subfield code="d">CNQ</subfield><subfield code="d">CNW</subfield><subfield code="d">OCLCQ</subfield><subfield code="d">OCLCO</subfield><subfield code="d">OCLCF</subfield></datafield><datafield ind1="1" ind2=" " tag="029"><subfield code="a">AU@</subfield><subfield code="b">000025814910</subfield></datafield><datafield ind1=" " ind2=" " tag="042"><subfield code="a">msc</subfield></datafield><datafield ind1="0" ind2="0" tag="050"><subfield code="a">Newspaper 7211-X</subfield></datafield><datafield ind1="0" ind2=" " tag="130"><subfield code="a">Fairplay flume (Fairplay, Colo. : 1879)</subfield></datafield><datafield ind1="0" ind2="4" tag="245"><subfield code="a">The Fairplay flume.</subfield></datafield><datafield ind1=" " ind2=" " tag="260"><subfield code="a">Fairplay, Park County, Colo. :</subfield><subfield code="b">Hawkins &amp; Bruner</subfield></datafield><datafield ind1=" " ind2=" " tag="300"><subfield code="a">v.</subfield></datafield><datafield ind1=" " ind2=" " tag="310"><subfield code="a">Weekly</subfield></datafield><datafield ind1="0" ind2=" " tag="362"><subfield code="a">Vol. 1, no. 1 (Feb. 20, 1879)-v. 35, no. 6 (Jan. 10, 1913).</subfield></datafield><datafield ind1=" " ind2=" " tag="515"><subfield code="a">Issues for Feb. 15, 1883-Jan. 10, 1913 called also whole no. 209-whole no. 1869.</subfield></datafield><datafield ind1=" " ind2=" " tag="530"><subfield code="a">Available on microfilm from the Colorado Historical Society.</subfield></datafield><datafield ind1=" " ind2="0" tag="651"><subfield code="a">Fairplay (Colo.)</subfield><subfield code="v">Newspapers.</subfield></datafield><datafield ind1=" " ind2="7" tag="655"><subfield code="a">Newspapers.</subfield><subfield code="2">fast</subfield><subfield code="0">(OCoLC)fst01423814</subfield></datafield><datafield ind1=" " ind2="7" tag="651"><subfield code="a">Colorado</subfield><subfield code="z">Fairplay.</subfield><subfield code="2">fast</subfield><subfield code="0">(OCoLC)fst01225671</subfield></datafield><datafield ind1=" " ind2=" " tag="752"><subfield code="a">United States</subfield><subfield code="b">Colorado</subfield><subfield code="c">Park</subfield><subfield code="d">Fairplay.</subfield></datafield><datafield ind1="0" ind2="7" tag="785"><subfield code="t">Park County bulletin</subfield><subfield code="w">(DLC)sn 90051228</subfield></datafield><datafield ind1="0" ind2="7" tag="785"><subfield code="t">Park County bulletin and Fairplay flume</subfield><subfield code="w">(DLC)sn 90051223</subfield></datafield></record>